[gd_scene load_steps=7 format=2]

[ext_resource path="res://texturas/spritesheet.png" type="Texture" id=1]
[ext_resource path="res://scripts/final_boss.gd" type="Script" id=2]

[sub_resource type="RectangleShape2D" id=1]
extents = Vector2( 24, 23 )

[sub_resource type="Animation" id=2]
resource_name = "mov"
length = 0.4
loop = true
tracks/0/type = "value"
tracks/0/path = NodePath("spr:flip_h")
tracks/0/interp = 1
tracks/0/loop_wrap = true
tracks/0/imported = false
tracks/0/enabled = true
tracks/0/keys = {
"times": PoolRealArray( 0, 0.2 ),
"transitions": PoolRealArray( 1, 1 ),
"update": 1,
"values": [ false, true ]
}

[sub_resource type="RectangleShape2D" id=3]
extents = Vector2( 6, 16 )

[sub_resource type="Animation" id=5]
resource_name = "aparecer"
length = 2.0
tracks/0/type = "value"
tracks/0/path = NodePath("brazo:position")
tracks/0/interp = 1
tracks/0/loop_wrap = true
tracks/0/imported = false
tracks/0/enabled = true
tracks/0/keys = {
"times": PoolRealArray( 0, 1 ),
"transitions": PoolRealArray( 1, 3.13834 ),
"update": 0,
"values": [ Vector2( -174, 11 ), Vector2( -174, -35 ) ]
}
tracks/1/type = "value"
tracks/1/path = NodePath("cabeza:position")
tracks/1/interp = 1
tracks/1/loop_wrap = true
tracks/1/imported = false
tracks/1/enabled = true
tracks/1/keys = {
"times": PoolRealArray( 0, 1, 2 ),
"transitions": PoolRealArray( 1, 1, 1 ),
"update": 0,
"values": [ Vector2( 0, 0 ), Vector2( 0, 0 ), Vector2( 0, -40 ) ]
}

[node name="final_boss" type="Node2D"]
position = Vector2( 198, 120 )
script = ExtResource( 2 )

[node name="cabeza" type="Area2D" parent="."]

[node name="col" type="CollisionShape2D" parent="cabeza"]
shape = SubResource( 1 )

[node name="spr" type="Sprite" parent="cabeza"]
texture = ExtResource( 1 )
flip_h = true
hframes = 2
region_enabled = true
region_rect = Rect2( 32, 144, 96, 48 )

[node name="anim" type="AnimationPlayer" parent="cabeza"]
anims/mov = SubResource( 2 )

[node name="brazo" type="Area2D" parent="."]
position = Vector2( -174, 11 )

[node name="col" type="CollisionShape2D" parent="brazo"]
position = Vector2( 0, 1 )
shape = SubResource( 3 )

[node name="spr" type="Sprite" parent="brazo"]
texture = ExtResource( 1 )
region_enabled = true
region_rect = Rect2( 0, 160, 16, 32 )

[node name="anim" type="AnimationPlayer" parent="."]
anims/aparecer = SubResource( 5 )
